% BibTeX database for the paper asme2e.tex
@article{azim2015numerical,
  title={Numerical investigation on the delay of boundary layer separation by suction for NACA 4412},
  author={Azim, R and Hasan, MM and Ali, Mohammad},
  journal={Procedia Engineering},
  year={2015},
}
@article{menter2019best,
  title={Best practice: generalized k-$\omega$ two-equation turbulence model in ANSYS CFD (GEKO)},
  author={Menter, FR and Lechner, R and Matyushenko, A},
  journal={Technical Report, ANSYS},
  year={2019},
}
@article{cebeci1972calculation,
  title={Calculation of separation points in incompressible turbulent flows},
  author={Cebeci, Tuncer and Mosinskis, GJ and SMITH, ANDA MO},
  journal={Journal of Aircraft},
  year={1972},
}
@article{messiter1973model,
  title={A model for laminar boundary-layer flow near a separation point},
  author={Messiter, AF and Enlow, RL},
  journal={SIAM Journal on Applied Mathematics},
  year={1973},
}
@article{HALILA2019233,
title = {Effects of boundary layer transition on the aerodynamic analysis of high-lift systems},
author={Halila, Gustavo L. Olichevis and Antunes, Alexandre Pequeno and Da Silva, Ricardo Galdino and Azevedo, Joao Luiz F},
journal = {Aerospace Science and Technology},
year = {2019},
doi = {https://doi.org/10.1016/j.ast.2019.04.051},
}
@article{negi2021method,
  title={Method to control flow separation over wind turbine blade: A CFD study},
  author={Negi, Pankaj and Subhash, Maharshi},
  journal={Materials Today: Proceedings},
  year={2021},
}
@article{wauters2018study,
  title={On the study of transitional low-Reynolds number flows over airfoils operating at high angles of attack and their prediction using transitional turbulence models},
  author={Wauters, Jolan and Degroote, Joris},
  journal={Progress in Aerospace Sciences},
  year={2018},
}
@article{majid2021comparative,
  title={Comparative Aerodynamic Performance Analysis of Camber Morphing and Conventional Airfoils},
  author={Majid, Tuba and Jo, Bruce W},
  journal={Applied Sciences},
  year={2021},
}
@article{lissaman1983low,
  title={Low-Reynolds-number airfoils},
  author={Lissaman, PBS},
  journal={Annual review of fluid mechanics},
  year={1983},
}
@article{DELAFIN2014190,
title = {Effect of the laminar separation bubble induced transition on the hydrodynamic performance of a hydrofoil},
journal = {European Journal of Mechanics - B/Fluids},
year = {2014},
doi = {https://doi.org/10.1016/j.euromechflu.2014.03.013},
author = {P.L. Delafin and F. Deniset and J.A. Astolfi},
}
@techreport{HAZRAJAMSON,
title = {Aerodynamic Shape Optimization of Airfoils in Ultra-Low Reynolds Number Flow using Simultaneous Pseudo-Time Stepping},
institution = "Stanford University",
year = {2007},
url = {http://aero-comlab.stanford.edu/Papers/lowren_paper.pdf},
author = {S. B. Hazra and A. Jameson},
}
@book{Schlichting_2017,
	doi = {10.1007/978-3-662-52919-5},
	year = 2017,
	publisher = {Springer Berlin Heidelberg},
	author = {Hermann Schlichting and Klaus Gersten},
	title = {Boundary-Layer Theory}
}
@inproceedings{Lyon1997BoundaryLT,
  title={Boundary layer trips on airfoils at low reynolds numbers},
  author={Christopher A. Lyon and Michael S. Selig and Andy P. Broeren},
  year={1997}
}
@article{lowdrag,
author = {Gopalarathnam, Ashok and Broughton, Benjamin A. and McGranahan, Bryan D. and Selig, Michael S.},
title = {Design of Low Reynolds Number Airfoils with Trips},
journal = {Journal of Aircraft},
year = {2003},
doi = {10.2514/2.3157},
}
@article{henkes1996comparison,
  title={Comparison of turbulence models for attached boundary layers relevant to aeronautics},
  author={Henkes, RAWM},
  journal={Applied scientific research},
  year={1996},
  publisher={Springer}
}
@article{DELAFIN2014190,
title = {Effect of the laminar separation bubble induced transition on the hydrodynamic performance of a hydrofoil},
journal = {European Journal of Mechanics - B/Fluids},
year = {2014},
doi = {https://doi.org/10.1016/j.euromechflu.2014.03.013},
}
@book{versteeg2007introduction,
  title={An Introduction to Computational Fluid Dynamics},
  author={Versteeg, H. and Malalasekera, W.},
  year={2007},
  publisher={Pearson Education}
}
@techreport{shvets1951method,
  title={Method of Successive Approximations for the Solution of Certain Problems in Aerodynamics},
  author={Shvets, ME},
  year={1951}
}
@incollection{CHANG197055,
title = {CHAPTER II - Steady Separation of Incompressible Laminar Flow from Two-dimensional Surfaces},
booktitle = {Separation of Flow},
publisher = {Pergamon},
year = {1970},
doi = {https://doi.org/10.1016/B978-0-08-013441-3.50006-X},
author = {PAUL K. CHANG},
}
@article{mullermethod,
 URL = {http://www.jstor.org/stable/2001916},
 author = {David E. Muller},
 journal = {Mathematical Tables and Other Aids to Computation},
 number = {56},
 publisher = {American Mathematical Society},
 title = {A Method for Solving Algebraic Equations Using an Automatic Computer},
 year = {1956}
}
@inproceedings{frolov2015development,
  title={Development of numerical-analytical method for calculating potential flow around 2D-body},
  author={Frolov, Vladimir},
  booktitle={AIP Conference Proceedings},
  year={2015},
}
@book{white2011fluid,
  title={Fluid Mechanics},
  author={White, F.M.},
  isbn={9780073529349},
  lccn={2010481187},
  series={McGraw-Hill series in mechanical engineering},
  year={2011},
  publisher={McGraw Hill}
}
@misc{LPT1,
  Author = {Forero H, Juan E.},
  Institution = {Procter & Gamble},
  Howpublished = {Power Point Presentation},
  Year = {2024},
  Title = {LPT Presentation}
}